@inbook{KrogerAndVink_SolidStatePhysics1956,
	Author = {F. A. Kr\"{o}ger and H. J. Vink},
        Title = {Relations Between Concnetrations of Imperfections in Crystalline Solids},
        Pages = {307--435},
        Volume = {3},
        Editor = {F. Seitz and D. Turnbull},
        Journal = {Solid State Physics},
        Publisher = {Academic Press, New York},
        Year = {1956}}

@book{KrogerBook_1964,
        Author = {F. A. Kr\"{o}ger},
        Title = "The Chemistry of Imperfect Crystals",
        Pages = {1039},
        Publisher = {North-Holland, Amsterdam},
        Year = {1964}}    
